@ONLINE {davecheney,
	author = "Dave Cheney",
	title  = "Five things that make Go fast",
	month  = "jun",
	year   = "2014",
	url    = "https://dave.cheney.net/2014/06/07/five-things-that-make-go-fast"
}

@ARTICLE {uglyopenstack,
	author  = "Jordan Bresler",
	title   = "Tales from the Trenches: The Good, the Bad, and the Ugly of Openstack Operations",
	journal = "Openstack Superuser",
	year    = "2015",
	month   = "jan",
	url     = "http://superuser.openstack.org/articles/tales-from-the-trenches-the-good-the-bad-and-the-ugly-of-openstack-operations/"
}

@ONLINE {SOC,
	author = "tdammers",
	title  = "What makes C so popular in the age of OOP? Top Answer",
	month  = "dec",
	year   = "2014",
	url    = "http://softwareengineering.stackexchange.com/a/141345"
}

@ONLINE {PYPL,
	author = "Pierre Carbonnelle",
	title  = "PYPL Popularity of Programming Languages Index",
	year   = "2016",
	url    = "http://pypl.github.io/PYPL.html?country=US"
}
