@ONLINE {rfc1701,
	author = "Hanks, Li, Farinacci \& Traina",
	title  = "Generic Routing Encapsulation (GRE)",
	month  = "oct",
	year   = "1994",
	url    = "https://tools.ietf.org/html/rfc1701"
}
