@ONLINE {ciao,
	author = "Manohar Castelino",
	title  = "Ciao Networking",
	month  = "may",
	year   = "2016",
	url    = "https://github.com/01org/ciao/tree/master/networking"
}
