@ONLINE {ciao,
	author = "Tim Pepper and Samuel Ortiz and Mark Ryan and others",
	title  = "Ciao Readme",
	month  = "sep",
	year   = "2016",
	url    = "https://github.com/01org/ciao/blob/master/README.md"
}

@ONLINE {rfc1701,
	author = "Hanks, Li, Farinacci \& Traina",
	title  = "Generic Routing Encapsulation (GRE)",
	month  = "oct",
	year   = "1994",
	url    = "https://tools.ietf.org/html/rfc1701"
}
@ONLINE {ovs,
	title = "Open vSwitch",
	month = "nov",
	year  = "2016",
	url   = "http://www.openvswitch.org/"
}

@ONLINE {linuxBridge,
	author = "The Linux Foundation",
	title  = "Bridge",
	month  = "nov",
	year   = "2016",
	url    = "https://wiki.linuxfoundation.org/networking/bridge"
}

@ONLINE {ciaoNetworking,
	author = "Manohar Castelino",
	title  = "Ciao Networking",
	month  = "may",
	year   = "2016",
	url    = "https://github.com/01org/ciao/blob/master/networking/README.md"
}

@ONLINE {rfc7637,
	author = "Murari Sridharan and Albert Greenberg and Narasimhan Venkataramiah and Kenneth Dudam and Ilango Ganga and Geng Lin",
	title  = "RFC7637",
	month  = "sep",
	year   = "2015",
	url    = "https://tools.ietf.org/html/rfc7637"
}

@ONLINE {xkcd908,
	author = "Randall Munroe",
	title  = "The Cloud",
	month  = "jun",
	year   = "2011",
	url    = "http://xkcd.com/908/"
}

@ONLINE {ciaoSSNTP,
	author = "Samuel Ortiz and John Andersen and Damien Lespiau",
	title  = "Simple and Secure Node Transfer Protocol",
	month  = "sep",
	year   = "2016",
	url    = "https://github.com/01org/ciao/blob/master/ssntp/README.md"
}

@BOOK {networkingTextbook,
	author    = "James Kurose and Keith Ross",
	title     = "Computer Networking",
	publisher = "Pearson",
	year      = "2012",
	edition   = "sixth"
}

@ONLINE {rfc7348,
	author = "M Mahalingam",
	title  = "Virtual eXtensible Local Area Network (VXLAN): A Framework for Overlaying Virtualized Layer 2 Networks over Layer 3 Networks",
	month  = "aug",
	year   = "2014",
	url    = "https://tools.ietf.org/html/rfc7348"
}

@ONLINE {ciaoNetTopology,
	title = "Ciao Network Topology",
	month = "apr",
	year  = "2016",
	url   = "https://github.com/01org/ciao/blob/master/networking/documentation/ciao-networking.png"
}

@ONLINE {dpdk,
	title  = "What it is",
	author = "DPDK",
	url    = "http://dpdk.org/"
}

@ONLINE {rfc2991,
	author = "D Thaler",
	title  = "Multipath Issues in Unicast and Multicast Next-Hop Selection",
	month  = "nov",
	year   = "2000",
	url    = "https://tools.ietf.org/html/rfc2991"
}

@ONLINE {gogoodfor,
	author = "Serdar Yegulalp",
	title  = "What's the Go language really good for?",
	month  = "jun",
	year   = "2015",
	url    = "http://www.infoworld.com/article/2928602/google-go/whats-the-go-language-really-good-for.html"
}

@ONLINE {rfc7047,
	author = "B. Pfaff, B. David, Ed.",
	title  = "The Open vSwitch Database Management Protocol",
	month  = "dec",
	year   = "2013",
	url    = "https://tools.ietf.org/html/rfc7047"
}

@ONLINE {libovsdb,
	author = "Socketplane",
	title  = "libovsdb",
	month  = "dec",
	year   = "2016",
	url    = "https://github.com/socketplane/libovsdb/blob/master/README.md"
}

@ONLINE {gosample,
	author = "Socketplane",
	title  = "play\_with\_ovs.go",
	month  = "dec",
	year   = "2016",
	url    = "https://github.com/socketplane/libovsdb/blob/example/play_with_ovs.go"
}

@STANDARD {ieee1016,
	title = "Standard for Information Technology--Systems Design--Software Design Descriptions",
	number = "1016-2009",
	year = "2009",
	type = "IEEE"
}

@MANUAL {qperf,
	title = "qperf(1)",
	author = "Johann George"
}

@ONLINE {iperf,
	author = "Bruce Mah",
	title = "iperf3: A TCP, UDP, and SCTP network bandwidth measurement tool",
	month = "feb",
	year = "2016",
	url = "https://iperf.fr"
}

@ONLINE {iperfdocker,
	author = "Brent Salisbury",
	title = "networkstatic/iperf3",
	month = "mar",
	year = "2016",
	url = "https://hub.docker.com/r/networkstatic/iperf3/"
}

@ONELINE {qperfdocker,
	author = "Arjan Schaaf",
	title = "arjanschaaf/centos-qperf",
	month = "jun",
	year = "2015",
	url = "https://hub.docker.com/r/arjanschaaf/centos-qperf/"
}

@ONLINE {vxlan,
	author = "Cisco Corporation",
	title  = "VXLAN Overview: Cisco Nexus 9000 Series Switches",
	month  = "jan",
	year   = "2015",
	url    = "http://www.cisco.com/c/en/us/products/collateral/switches/nexus-9000-series-switches/white-paper-c11-729383.pdf"
}

@ONLINE {nvgre-info,
        author = "Margaret Rouse, David Jacobs",
	title  = "NVGRE (Network Virtualization using Generic Routing Encapsulation)",
	month  = "mar",
	year   = "2013",
	url    = "http://searchsdn.techtarget.com/definition/NVGRE-Network-Virtualization-using-Generic-Routing-Encapsulation"
}

@ONLINE {nvgre,
        author = "P. Gard, Y. Wang",
        title  = "NVGRE: Network Virtualization using Generic Routing Encapsulation",
        month  = "oct",
        year   = "2015",
        url    = "http://ietfreport.isoc.org/idref/draft-sridharan-virtualization-nvgre/"
}

@ONLINE {clearlinux,
	author = "Intel",
	title  = "clearlinux.org",
	month  = "dec",
	year   = "2016",
	url    = "https://clearlinux.org/"
}
